<collection xmlns="http://www.loc.gov/MARC21/slim">
<record>
  <leader>01197nam0a22002411i 450 </leader>
  <controlfield tag="001">IT\ICCU\CNCE\051385</controlfield>
  <controlfield tag="005">20140414000000.0</controlfield>
  <datafield tag="012" ind1=" " ind2=" ">
    <subfield code="a">a.o: rao; a,no o.a, (C) 1578 (A)</subfield>
    <subfield code="2">fei</subfield>
  </datafield>
  <datafield tag="100" ind1=" " ind2=" ">
    <subfield code="a">20010102d1578        0itac0103    ba</subfield>
  </datafield>
  <datafield tag="101" ind1=" " ind2=" ">
    <subfield code="a">ITA</subfield>
  </datafield>
  <datafield tag="102" ind1=" " ind2=" ">
    <subfield code="a">IT</subfield>
  </datafield>
  <datafield tag="200" ind1="1" ind2=" ">
    <subfield code="a">Canzone all&apos;illustrissimo et eccellentissimo signor Vespasiano Gonzaga. Duca di Sabioneta et C. di Francesco India veronese</subfield>
  </datafield>
  <datafield tag="210" ind1=" " ind2=" ">
    <subfield code="a">In Verona</subfield>
    <subfield code="c">per Bastian dalle Donne &amp; Giouanni fratelli</subfield>
    <subfield code="d">1578</subfield>
  </datafield>
  <datafield tag="215" ind1=" " ind2=" ">
    <subfield code="a">\4! c. ;4ʻ</subfield>
  </datafield>
  <datafield tag="620" ind1=" " ind2=" ">
    <subfield code="a">IT</subfield>
    <subfield code="d">Verona</subfield>
  </datafield>
  <datafield tag="700" ind1=" " ind2="1">
    <subfield code="a">India,</subfield>
    <subfield code="b">Francesco</subfield>
    <subfield code="3">IT\ICCU\CNCA\007273</subfield>
  </datafield>
  <datafield tag="712" ind1="0" ind2="0">
    <subfield code="a">Dalle_Donne, Sebastiano &amp; Dalle_Donne, Giovanni</subfield>
    <subfield code="3">IT\ICCU\CNCT\000150</subfield>
    <subfield code="4">650</subfield>
  </datafield>
  <datafield tag="790" ind1=" " ind2="1">
    <subfield code="a">India,</subfield>
    <subfield code="b">Franciscus</subfield>
    <subfield code="3">IT\ICCU\CNCA\020096</subfield>
    <subfield code="z">India, Francesco</subfield>
  </datafield>
  <datafield tag="791" ind1="0" ind2="0">
    <subfield code="a">Dalle_Donne, Giovanni</subfield>
    <subfield code="3">IT\ICCU\CNCT\000151</subfield>
    <subfield code="z">Dalle_Donne, Sebastiano &amp; Dalle_Donne, Giovanni</subfield>
  </datafield>
  <datafield tag="801" ind1=" " ind2="3">
    <subfield code="a">IT</subfield>
    <subfield code="b">ICCU</subfield>
    <subfield code="c">20201115</subfield>
  </datafield>
  <datafield tag="899" ind1=" " ind2=" ">
    <subfield code="a">Biblioteca nazionale Marciana. Venezia</subfield>
    <subfield code="1">VE0049</subfield>
    <subfield code="2">VEA BM</subfield>
  </datafield>
  <datafield tag="911" ind1=" " ind2=" ">
    <subfield code="a">Sul front.</subfield>
    <subfield code="9">IT\ICCU\CNCM\000661</subfield>
  </datafield>
  <datafield tag="921" ind1=" " ind2=" ">
    <subfield code="a">IT\ICCU\CNCM\000661</subfield>
    <subfield code="b">Cavallo impennato di fronte ad una torre. In basso iniziali P.Z.F. In cornice figurata.</subfield>
    <subfield code="c">V537</subfield>
    <subfield code="c">Z224</subfield>
    <subfield code="d">Dimensioni: 7,5 x 9. Con o senza iniziali</subfield>
    <subfield code="f">CAVALLO</subfield>
    <subfield code="f">TORRE</subfield>
    <subfield code="f">PZF</subfield>
    <subfield code="g">1543-1592</subfield>
  </datafield>
</record>
</collection>
